<record><leader>00000cas a22000007a 4500</leader><controlfield tag="001">22393125</controlfield><controlfield tag="008">900917d196419uucoudn ne      0    0eng d</controlfield><datafield ind1=" " ind2=" " tag="010"><subfield code="a">sn 90051637 </subfield></datafield><datafield ind1=" " ind2=" " tag="040"><subfield code="a">CNQ</subfield><subfield code="b">eng</subfield><subfield code="c">CNQ</subfield><subfield code="d">OCLCQ</subfield></datafield><datafield ind1=" " ind2=" " tag="042"><subfield code="a">msc</subfield></datafield><datafield ind1="0" ind2=" " tag="130"><subfield code="a">Morning star (Fort, Collins, Colo.)</subfield></datafield><datafield ind1="1" ind2="0" tag="245"><subfield code="a">Morning star.</subfield></datafield><datafield ind1="1" ind2="3" tag="246"><subfield code="a">Morning star continuing the Larimer County times-news</subfield></datafield><datafield ind1="3" ind2="0" tag="246"><subfield code="a">Sunday new star</subfield></datafield><datafield ind1="3" ind2="0" tag="246"><subfield code="a">Morning new star</subfield></datafield><datafield ind1="3" ind2="0" tag="246"><subfield code="a">Sunday star</subfield></datafield><datafield ind1="3" ind2="0" tag="246"><subfield code="a">Saturday morning star</subfield></datafield><datafield ind1="3" ind2="0" tag="246"><subfield code="a">Morning Colorado star</subfield></datafield><datafield ind1=" " ind2=" " tag="260"><subfield code="a">Fort Collins and Loveland, Colo. :</subfield><subfield code="b">Olen and Mary Bell</subfield></datafield><datafield ind1=" " ind2=" " tag="300"><subfield code="a">v.</subfield></datafield><datafield ind1=" " ind2=" " tag="310"><subfield code="a">Daily (except Sun. and Mon.),</subfield><subfield code="b">&lt;Dec. 1968&gt;-</subfield></datafield><datafield ind1=" " ind2=" " tag="321"><subfield code="a">Weekly,</subfield><subfield code="b">July 27, 1964-Dec. 21, 1968</subfield></datafield><datafield ind1="0" ind2=" " tag="362"><subfield code="a">Vol. 1, no. 0 (July 27, 1964)-</subfield></datafield><datafield ind1=" " ind2=" " tag="500"><subfield code="a">Published as: Sunday new star, Feb. 4-Mar. 10, 1968, Apr. 14-May 19, 1968, and: Morning new star, Mar. 17-Apr. 7, 1968, and: Sunday star, May 26,-Aug. 4, 1968, and: Saturday morning star, Aug. 17-Oct. 5, Oct. 19-Nov. 2, 1968, and: Morning Colorado star, Aug. 24, Oct. 12, Nov. 9-Dec. 21, 1968.</subfield></datafield><datafield ind1=" " ind2=" " tag="500"><subfield code="a">Published only in Fort Collins, Colo., Feb. 4, 1968-&lt;Oct. 1969&gt;.</subfield></datafield><datafield ind1=" " ind2=" " tag="752"><subfield code="a">United States</subfield><subfield code="b">Colorado</subfield><subfield code="c">Larimer</subfield><subfield code="d">Fort Collins.</subfield></datafield><datafield ind1=" " ind2=" " tag="752"><subfield code="a">United States</subfield><subfield code="b">Colorado</subfield><subfield code="c">Larimer</subfield><subfield code="d">Loveland.</subfield></datafield><datafield ind1="0" ind2="7" tag="780"><subfield code="t">Larimer County times-news</subfield><subfield code="w">(DLC)sn 90099919</subfield></datafield></record>